@ARTICLE{Aitamurto2016ICS,
AUTHOR={Aitamurto, T. and Landemore, H. and Saldivar, J.},
TITLE={Unmasking the crowd: participantsâ€™ motivation factors, expectations, and profile in a crowdsourced law reform},
JOURNAL={Information, Communication \& Society},
%PAGES= {1--22},
YEAR={2016},
PUBLISHER={Taylor \& Francis}
}

@article{saldivar2016analysis,
  title={Analysis and improvement of business process models using spreadsheets},
  author={J. Saldivar and C. Vairetti and C. Rodr{\'\i}guez and F. Daniel and F. Casati and R. Alarc{\'o}n},
  journal={Information Systems},
  %volume={57},
  %pages={1--19},
  year={2016},
  publisher={Elsevier}
}

@ARTICLE{Saldivar2016IC,
AUTHOR={J. Saldivar and C. Rodr{\'\i}guez and F. Daniel and F. Casati, and L. Cernuzzi},
TITLE={On the (in) effectiveness of the share/tweet button: A study in the context of idea management for civic participation},
JOURNAL={IEEE Internet Computing},
YEAR={2016},
PUBLISHER={IEEE}
}

@inproceedings{Aitamurto2016MindTrek,
author = {T. Aitamurto and K. Chen and A. Cherif and J. Saldivar, and L. Santana},
title = {Civic CrowdAnalytics: making sense of crowdsourced civic input with big data tools},
booktitle = {Proceedings of the 20th International Academic Mindtrek},
%pages = {86--94},
%year = {2016},
%organization={ACM}
}

@inproceedings{Saldivar2016CTSb,
author = {J. Saldivar and M. Baez and C. Rodriguez and G. Convertino and G. Kowalik},
title = {Idea Management in the Wild: An exploratory study of 166 online communities},
booktitle = {Proceedings of the 17th International CTS Conference},
%pages = {398--403},
year = {2016}
}

%@inproceedings{Saldivar2016CTSa,
%author = {J. Saldivar and F. Daniel and F. Casati and and L. Cernuzzi},
%title = {Idea Management in Social Networks: A Study of how to Tap into the Ideas of Facebook Communities},
%booktitle = {Proceedings of the 17th International CTS Conference},
%pages = {398--403},
%year = {2016}
%}

%@inproceedings{Aitamurto2014Groupwork,
%author = {T. Aitamurto, J. Saldivar, J. Salminen},
%title = {Self-selection in Crowdsourcing Democracy: A Bug or A Future?},
%booktitle = {Proceedings of the 20th International Academic Mindtrek Conference, Florida, Finland, 30-05 November 2016},
%publisher = {International Institute of Informatics and Systemics},
%address = {FL, Finland},
%pages = {86--94},
%year = {2014}
%}

%@inproceedings{Schiavo2013CT,
%author = {G. Schiavo, M. Milano, J. Saldivar, T. Nasir, M. Zancanaro, and G. Convertino},
%title = {Agora2.0: Enhancing Civic Participation through a Public Display},
%booktitle = {Proceedings of the 6th International Conference on Communities and Technologies, Munich, Germany, 30-05 November 2013},
%publisher = {International Institute of Informatics and Systemics},
%address = {Munich, Germany},
%pages = {86--94},
%year = {2013}
%}

%@Book{Conway2000,
%author = {Damian Conway},
%title = {Object {O}riented {P}erl: {A} comprehensive guide to concepts and programming techniques},
%publisher = {Manning Publications Co.},
%year = {2000},
%address = {Connecticut, USA}
%}